@article{hoare1962quicksort,
  title={Quicksort},
  author={Hoare, Charles AR},
  journal={The Computer Journal},
  volume={5},
  number={1},
  pages={10--16},
  year={1962},
  publisher={Oxford University Press}
}

@article{astrachan2003bubble,
  title={Bubble sort: an archaeological algorithmic analysis},
  author={Astrachan, Owen},
  journal={ACM Sigcse Bulletin},
  volume={35},
  number={1 },
  pages={1--5},
  year={2003},
  publisher={ACM New York, NY, USA}
}